<?xml version="1.0" encoding="UTF-8"?><record xmlns="http://www.loc.gov/MARC21/slim" xmlns:cinclude="http://apache.org/cocoon/include/1.0" xmlns:zs="http://www.loc.gov/zing/srw/">
  <leader>00450nz  a2200121n  4500</leader>
  <controlfield tag="001">n 2002111725</controlfield>
  <controlfield tag="003">DLC</controlfield>
  <controlfield tag="005">20020912111153.0</controlfield>
  <controlfield tag="008">020912n| acannaabn          |n aaa      </controlfield>
  <datafield tag="010" ind1=" " ind2=" ">
    <subfield code="a">n 2002111725</subfield>
  </datafield>
  <datafield tag="040" ind1=" " ind2=" ">
    <subfield code="a">DLC</subfield>
    <subfield code="b">eng</subfield>
    <subfield code="c">DLC</subfield>
  </datafield>
  <datafield tag="100" ind1="1" ind2=" ">
    <subfield code="a">Stansova, Natalia Anna</subfield>
  </datafield>
  <datafield tag="670" ind1=" " ind2=" ">
    <subfield code="a">Stansova, Natalia Anna. The earth-moon entity speaks, c1998:</subfield>
    <subfield code="b">t.p. (Natalia Anna Stansova) p. 4 of cover (b. in Slovak Republic of a Bohemian, Romanian gypsy &amp; Hungarian Jewish ancestry)</subfield>
  </datafield>
</record>